@article{kacker2007trapezoidal,
  title={Trapezoidal and triangular distributions for {T}ype {B} evaluation of standard uncertainty},
  author={Kacker, Raghu N and Lawrence, James F},
  journal={Metrologia},
  volume={44},
  number={2},
  pages={117},
  year={2007},
  publisher={IOP Publishing}
}